% introduction

@inproceedings{PT07,
 author = {Pacheco, Carla and Tovar, Edmundo},
 title = {Stakeholder identification as an issue in the improvement of software requirements quality},
 booktitle = {CAiSE'07: Proceedings of the 19th international conference on Advanced information systems engineering},
 year = {2007},
 isbn = {978-3-540-72987-7},
 pages = {370--380},
 location = {Trondheim, Norway},
 publisher = {Springer-Verlag},
 address = {Berlin, Heidelberg},
}

@article{AdOdSBD07,
 author = {Anquetil, Nicolas and de Oliveira, K\'{a}thia M. and de Sousa, Kleiber D. and Batista Dias, M\'{a}rcio G.},
 title = {Software maintenance seen as a knowledge management issue},
 journal = {Inf. Softw. Technol.},
 volume = {49},
 number = {5},
 year = {2007},
 issn = {0950-5849},
 pages = {515--529},
 doi = {http://dx.doi.org/10.1016/j.infsof.2006.07.007},
 publisher = {Butterworth-Heinemann},
 address = {Newton, MA, USA},
}

@article{WC03,
 author = {Williams, Laurie and Cockburn, Alistair},
 title = {Guest Editors' Introduction: Agile Software Development: It's about Feedback and Change},
 journal = {Computer},
 volume = {36},
 number = {6},
 year = {2003},
 issn = {0018-9162},
 pages = {39--43},
 doi = {http://dx.doi.org/10.1109/MC.2003.1204373},
 publisher = {IEEE Computer Society Press},
 address = {Los Alamitos, CA, USA},
}

@book{FY97,
 AUTHOR = {Foote, B. and Yoder, J.},
 TITLE = {Pattern Languages of Program Designs},
 PUBLISHER = {Addison-Wesley},
 YEAR = {1997},
 pages = {653--692}
}

@misc{escolinhas,
  title={Escolinhas :: Plataforma Colaborativa e Social para o EB1/2},
  author={Tecla Colorida, Lda.},
  howpublished={\url{http://www.escolinhas.pt/}},
  note={Accessed July 8th 2010}
}

%generative programming

@inproceedings{1621629,
 author = {Cassou, Damien and Bertran, Benjamin and Loriant, Nicolas and Consel, Charles},
 title = {A generative programming approach to developing pervasive computing systems},
 booktitle = {GPCE '09: Proceedings of the eighth international conference on Generative programming and component engineering},
 year = {2009},
 isbn = {978-1-60558-494-2},
 pages = {137--146},
 location = {Denver, Colorado, USA},
 doi = {http://doi.acm.org/10.1145/1621607.1621629},
 publisher = {ACM},
 address = {New York, NY, USA},
}

% adaptive object-models

@inproceedings{705933,
 author = {Revault, Nicolas and Yoder, Joseph W.},
 title = {Adaptive Object-Models and Metamodeling Techniques},
 booktitle = {ECOOP '01: Proceedings of the Workshops on Object-Oriented Technology},
 year = {2002},
 isbn = {3-540-43675-8},
 pages = {57--71},
 publisher = {Springer-Verlag},
 address = {London, UK},
}

@inproceedings{1772085,
 author = {Welicki, Le\'{o}n and Yoder, Joseph W. and Wirfs-Brock, Rebecca},
 title = {Rendering patterns for adaptive object-models},
 booktitle = {PLOP '07: Proceedings of the 14th Conference on Pattern Languages of Programs},
 year = {2007},
 isbn = {978-1-60558-411-9},
 pages = {1--12},
 location = {Monticello, Illinois},
 doi = {http://doi.acm.org/10.1145/1772070.1772085},
 publisher = {ACM},
 address = {New York, NY, USA},
}

@inproceedings{1297888,
 author = {Welicki, Le\'{o}n and Yoder, Joseph W. and Wirfs-Brock, Rebecca and Johnson, Ralph E.},
 title = {Towards a pattern language for adaptive object models},
 booktitle = {OOPSLA '07: Companion to the 22nd ACM SIGPLAN conference on Object-oriented programming systems and applications companion},
 year = {2007},
 isbn = {978-1-59593-865-7},
 pages = {787--788},
 location = {Montreal, Quebec, Canada},
 doi = {http://doi.acm.org/10.1145/1297846.1297888},
 publisher = {ACM},
 address = {New York, NY, USA},
}

@inproceedings{1753207,
 author = {Welicki, Le\'{o}n and Yoder, Joseph W. and Wirfs-Brock, Rebecca},
 title = {The dynamic factory pattern},
 booktitle = {PLoP '08: Proceedings of the 15th Conference on Pattern Languages of Programs},
 year = {2008},
 isbn = {978-1-60558-151-4},
 pages = {1--7},
 location = {Nashville, Tennessee},
 doi = {http://doi.acm.org/10.1145/1753196.1753207},
 publisher = {ACM},
 address = {New York, NY, USA},
}

@article{583966,
 author = {Yoder, Joseph W. and Balaguer, Federico and Johnson, Ralph},
 title = {Architecture and design of adaptive object-models},
 journal = {SIGPLAN Not.},
 volume = {36},
 number = {12},
 year = {2001},
 issn = {0362-1340},
 pages = {50--60},
 doi = {http://doi.acm.org/10.1145/583960.583966},
 publisher = {ACM},
 address = {New York, NY, USA},
}

@inproceedings{704175,
 author = {Volder, Kris De},
 title = {Aspect-Oriented Logic Meta Programming},
 booktitle = {ECOOP '98: Workshop ion on Object-Oriented Technology},
 year = {1998},
 isbn = {3-540-65460-7},
 pages = {414--417},
 publisher = {Springer-Verlag},
 address = {London, UK},
}

@inproceedings{1289990,
 author = {Trujillo, Salvador and Azanza, Maider and Diaz, Oscar},
 title = {Generative metaprogramming},
 booktitle = {GPCE '07: Proceedings of the 6th international conference on Generative programming and component engineering},
 year = {2007},
 isbn = {978-1-59593-855-8},
 pages = {105--114},
 location = {Salzburg, Austria},
 doi = {http://doi.acm.org/10.1145/1289971.1289990},
 publisher = {ACM},
 address = {New York, NY, USA},
}

@inproceedings{705782,
 author = {Yoder, Joseph W. and Razavi, Reza},
 title = {Metadata and Adaptive Object-Models},
 booktitle = {ECOOP '00: Proceedings of the Workshops,  Panels, and Posters on Object-Oriented Technology},
 year = {2000},
 isbn = {3-540-41513-0},
 pages = {104--112},
 publisher = {Springer-Verlag},
 address = {London, UK},
}

@inproceedings{YJ02,
 author = {Yoder, Joseph W. and Johnson, Ralph E.},
 title = {The Adaptive Object-Model Architectural Style},
 booktitle = {WICSA 3: Proceedings of the IFIP 17th World Computer Congress - TC2 Stream / 3rd IEEE/IFIP Conference on Software Architecture},
 year = {2002},
 isbn = {1-4020-7176-0},
 pages = {3--27},
 publisher = {Kluwer, B.V.},
 address = {Deventer, The Netherlands, The Netherlands},
}

