% introduction

@inproceedings{PT07,
 author = {Pacheco, Carla and Tovar, Edmundo},
 title = {Stakeholder identification as an issue in the improvement of software requirements quality},
 booktitle = {CAiSE'07: Proceedings of the 19th international conference on Advanced information systems engineering},
 year = {2007},
 isbn = {978-3-540-72987-7},
 pages = {370--380},
 location = {Trondheim, Norway},
 publisher = {Springer-Verlag},
 address = {Berlin, Heidelberg},
}

@article{AdOdSBD07,
 author = {Anquetil, Nicolas and de Oliveira, K\'{a}thia M. and de Sousa, Kleiber D. and Batista Dias, M\'{a}rcio G.},
 title = {Software maintenance seen as a knowledge management issue},
 journal = {Inf. Softw. Technol.},
 volume = {49},
 number = {5},
 year = {2007},
 issn = {0950-5849},
 pages = {515--529},
 doi = {http://dx.doi.org/10.1016/j.infsof.2006.07.007},
 publisher = {Butterworth-Heinemann},
 address = {Newton, MA, USA},
}

@article{WC03,
 author = {Williams, Laurie and Cockburn, Alistair},
 title = {Guest Editors' Introduction: Agile Software Development: It's about Feedback and Change},
 journal = {Computer},
 volume = {36},
 number = {6},
 year = {2003},
 issn = {0018-9162},
 pages = {39--43},
 doi = {http://dx.doi.org/10.1109/MC.2003.1204373},
 publisher = {IEEE Computer Society Press},
 address = {Los Alamitos, CA, USA},
}

@book{FY97,
 AUTHOR = {Foote, B. and Yoder, J.},
 TITLE = {Pattern Languages of Program Designs},
 PUBLISHER = {Addison-Wesley},
 YEAR = {1997},
 pages = {653--692}
}

@misc{escolinhas,
  title={Escolinhas :: Plataforma Colaborativa e Social para o EB1/2},
  author={Tecla Colorida, Lda.},
  howpublished={\url{http://www.escolinhas.pt/}},
  note={Accessed July 8th 2010}
}

@inproceedings{FCA09,
  author = {Ferreira, H.S. and Correia, F.F. and Aguiar, Ademar},
  booktitle = {4$^th$ Workshop on Models@ run. time at MODELS 09},
  keywords = {adaptive object-models,frameworks,software design},
  title = {{Design for an Adaptive Object-Model Framework}},
  url = {http://ceur-ws.org/Vol-509/MRT09\_proceedings.pdf\#page=75},
  year = {2009}
}

% technologies -----------------------------------------------------------------
@misc{csharp,
  author = {Microsoft},
  title = {C\# Language Specification 3.0},
  howpublished = {\url{http://download.microsoft.com/download/3/8/8/388e7205-bc10-4226-b2a8-75351c669b09/CSharp\%20Language\%20Specification.doc}},
  note = {[Online] Accessed 16 July 2010}
}

% domain-driven design ---------------------------------------------------------

@misc{ddd_website,
  author = {Evans, Eric and Gitlevich, Vladimir and Hu, Ying and Nilsson, Jimmy},
  title = {What is Domain-Driven Design? | Domain-Driven Design Community},
  howpublished = {\url{http://www.domaindrivendesign.org/resources/what_is_ddd}},
  note = {[Online] Accessed 10 January 2011}
}

@book{ddd_book,
  author = {Evans, Eric},
  title = {Domain-driven design: Tackling complexity in the heart of software},
  publisher = {Addison-Wesley Professional},
  year = {2003},
  month = {August}
}

% generative programming -------------------------------------------------------

@article{TC06,
  author = {Tian, Kun and Cooper, Kendra},
  journal = {1st International Workshop on Agile Product Line},
  title = {{Agile and software product line methods: are they so different}},
  url = {http://www.lsi.upc.edu/events/aple/TianCooperpresent.pdf},
  year = {2006}
}

@inproceedings{1621629,
 author = {Cassou, Damien and Bertran, Benjamin and Loriant, Nicolas and Consel, Charles},
 title = {A generative programming approach to developing pervasive computing systems},
 booktitle = {GPCE '09: Proceedings of the eighth international conference on Generative programming and component engineering},
 year = {2009},
 isbn = {978-1-60558-494-2},
 pages = {137--146},
 location = {Denver, Colorado, USA},
 doi = {http://doi.acm.org/10.1145/1621607.1621629},
 publisher = {ACM},
 address = {New York, NY, USA},
}

@article{Sch06,
author = {Schmidt, D.C.},
  journal = {IEEE computer},
  number = {2},
  pages = {25--31},
  publisher = {Citeseer},
  title = {{Model-driven engineering}},
  url = {http://citeseerx.ist.psu.edu/viewdoc/download?doi=10.1.1.106.9720\&amp;rep=rep1\&amp;type=pdf},
  volume = {39},
  year = {2006}
}

@article{Mil03,
  author = {Miller, J.},
  journal = {Object Management Group},
  number = {June},
  title = {{MDA Guide Version 1.0. 1}},
  year = {2003}
}

@inproceedings{DH04,
   author = {Damyanov, Ivo and Holmes, Nick},
   title = {Metadata driven code generation using .NET framework},
   booktitle = {CompSysTech '04: Proceedings of the 5th international conference on Computer systems and technologies},
   year = {2004},
   isbn = {954-9641-38-4},
   pages = {1--6},
   location = {Rousse, Bulgaria},
   doi = {http://doi.acm.org/10.1145/1050330.1050387},
   publisher = {ACM},
   address = {New York, NY, USA},
}

% Ruby -------------------------------------------------------------------------

@misc{ruby,
  title = {Ruby Programming Language},
  author = {Yukihiro Matsumoto},
  howpublished= {\url{http://ruby-lang.org}},
  note = {Accessed 16th July 2010}
}

@misc{metaprogramming_ruby,
  title = {MetaProgamming - Extending Ruby for fun and profit},
  author = {Dave Thomas},
  year = {2007},
  month = {December},
  note = {[Presentation, Online]. Available: \url{http://www.infoq.com/presentations/metaprogramming-ruby}}
}

% Ruby On Rails ----------------------------------------------------------------

@misc{rubyonrails,
  title = {Ruby on Rails},
  author = {David Heinemeier Hansson},
  howpublished = {\url{http://rubyonrails.org/}},
  note = {[Online] Accessed 16th July 2010}
}

@misc{rails_generators,
  title = {Migrations},
  author = {Frederick Cheung},
  howpublished = {\url{http://guides.rubyonrails.org/migrations.html#creating-a-migration}},
  year = {2008},
  month = {September},
  note = {[Online] Accessed 16th July 2010}
}

% XNA --------------------------------------------------------------------------

@misc{XNA,
  author = {Microsoft},
  title = {XNA},
  howpublished = {\url{http://www.xna.com/}},
  note = {Accessed July 16, 2010}
}

% meta architectures -----------------------------------------------------------

@article{mof,
  author = {OMG},
  journal = {Citeseer},
  number = {January},
  title = {{Meta Object Facility (MOF) Core Specification}},
  url = {http://citeseerx.ist.psu.edu/viewdoc/download?doi=10.1.1.114.9949\&amp;rep=rep1\&amp;type=pdf},
  year = {2006}
}

@article{uml,
  author = {OMG},
  title = {OMG Unified Modeling Language (OMG UML), Infrastructure},
  month = {March},
  year = {2010},
  year = {}
}

@article{CI84,
  author = {Cameron, Robert D. and Ito, M. Robert},
  doi = {10.1145/357233.357235},
  issn = {01640925},
  journal = {ACM Transactions on Programming Languages and Systems},
  month = jan,
  number = {1},
  pages = {20--54},
  title = {{Grammar-Based Definition of Metaprogramming Systems}},
  url = {http://portal.acm.org/citation.cfm?doid=357233.357235},
  volume = {6},
  year = {1984}
}

@article{Cle88,
  author = {Cleaveland, J. Craig},
  title = {Building Application Generators},
  journal = {IEEE Softw.},
  volume = {5},
  number = {4},
  year = {1988},
  issn = {0740-7459},
  pages = {25--33},
  doi = {http://dx.doi.org/10.1109/52.17799},
  publisher = {IEEE Computer Society Press},
  address = {Los Alamitos, CA, USA},
}

@article{Bas87,
  author = {Bassett, P. G.},
  title = {Frame-Based Software Engineering},
  journal = {IEEE Softw.},
  volume = {4},
  number = {4},
  year = {1987},
  issn = {0740-7459},
  pages = {9--16},
  doi = {http://dx.doi.org/10.1109/MS.1987.231057},
  publisher = {IEEE Computer Society Press},
  address = {Los Alamitos, CA, USA},
}

% aspect-oriented programming --------------------------------------------------

@inproceedings{KM05,
  author = {Kiczales, Gregor and Mezini, Mira},
  title = {Aspect-oriented programming and modular reasoning},
  booktitle = {ICSE '05: Proceedings of the 27th international conference on Software engineering},
  year = {2005},
  isbn = {1-59593-963-2},
  pages = {49--58},
  location = {St. Louis, MO, USA},
  doi = {http://doi.acm.org/10.1145/1062455.1062482},
  publisher = {ACM},
  address = {New York, NY, USA},
}

@inproceedings{Ste06,
  author = {Steimann, Friedrich},
  title = {The paradoxical success of aspect-oriented programming},
  booktitle = {OOPSLA '06: Proceedings of the 21st annual ACM SIGPLAN conference on Object-oriented programming systems, languages, and applications},
  year = {2006},
  isbn = {1-59593-348-4},
  pages = {481--497},
  location = {Portland, Oregon, USA},
  doi = {http://doi.acm.org/10.1145/1167473.1167514},
  publisher = {ACM},
  address = {New York, NY, USA},
}

@article{LC03,
  author = {Lafferty, Donal and Cahill, Vinny},
  doi = {10.1145/949343.949307},
  issn = {03621340},
  journal = {Proceedings of the 18th annual ACM SIGPLAN},
  month = nov,
  number = {11},
  pages = {1},
  title = {{Language-independent aspect-oriented programming}},
  url = {http://portal.acm.org/citation.cfm?id=949343.949307},
  volume = {38},
  year = {2003}
}

@misc{metaclass_programming_in_python,
  author = {Mertz, David and Simionato, Michele},
  title = {Metaclass programming in Python},
  year = {2003},
  howpublished = {\url{http://www.ibm.com/developerworks/linux/library/l-pymeta.html}},
  note = {[Online] Accessed July 16 2010}
}

% adaptive object-models -------------------------------------------------------

@misc{NC,
  author = {Norvig, Peter and Cohn, David},
  title = {Adaptive Software},
  howpublished = {\url{http://norvig.com/adapaper-pcai.html}},
  note = {Accessed July 16, 2010}
}

@inproceedings{GGGR09,
  author = {Goyal, Poonam and Goyal, Navneet and Gupta, Ashish and Rahul, T. S.},
  title = {Designing self-adaptive websites using online hotlink assignment algorithm},
  booktitle = {MoMM '09: Proceedings of the 7th International Conference on Advances in Mobile Computing and Multimedia},
  year = {2009},
  isbn = {978-1-60558-659-5},
  pages = {579--583},
  location = {Kuala Lumpur, Malaysia},
  doi = {http://doi.acm.org/10.1145/1821748.1821860},
  publisher = {ACM},
  address = {New York, NY, USA},
}

@book{fowler,
  author = {Fowler, Martin},
  title = {Analysis Patterns, Reusable Object Models},
  year = {1997},
  publisher = {Addison-Wesley}
}

@book{fowler_accountability,
  author = {Fowler, Martin},
  title = {Organization Structures},
  pages = {17-28}
}

@book{hay,
  author = {Hay, David},
  title = {Data Model Patterns, Conventions of Thought},
  year = {1998},
  publisher = {Dorset House Publishing}
}

@inproceedings{WYW07,
  author = {Welicki, León and Yoder, Joseph W. and Wirfs-Brock, Rebecca},
  title = {Rendering patterns for adaptive object-models},
  booktitle = {PLOP '07: Proceedings of the 14th Conference on Pattern Languages of Programs},
  year = {2007},
  isbn = {978-1-60558-411-9},
  pages = {1--12},
  location = {Monticello, Illinois},
  doi = {http://doi.acm.org/10.1145/1772070.1772085},
  publisher = {ACM},
  address = {New York, NY, USA},
}

@inproceedings{patterns_data_and_metadata_evolution_in_aoms,
 author = {Ferreira, Hugo Sereno and Correia, Filipe Figueiredo and Welicki, Leon},
 title = {Patterns for data and metadata evolution in adaptive object-models},
 booktitle = {Proceedings of the 15th Conference on Pattern Languages of Programs},
 series = {PLoP '08},
 year = {2008},
 isbn = {978-1-60558-151-4},
 location = {Nashville, Tennessee},
 pages = {5:1--5:9},
 articleno = {5},
 numpages = {9},
 url = {http://doi.acm.org/10.1145/1753196.1753203},
 doi = {http://doi.acm.org/10.1145/1753196.1753203},
 acmid = {1753203},
 publisher = {ACM},
 address = {New York, NY, USA},
 keywords = {adaptive object models, design patterns, history of operations, meta-modeling, migration, model driven engineering, system memento},
} 

@inproceedings{705933,
 author = {Revault, Nicolas and Yoder, Joseph W.},
 title = {Adaptive Object-Models and Metamodeling Techniques},
 booktitle = {ECOOP '01: Proceedings of the Workshops on Object-Oriented Technology},
 year = {2002},
 isbn = {3-540-43675-8},
 pages = {57--71},
 publisher = {Springer-Verlag},
 address = {London, UK},
}

@inproceedings{1297888,
 author = {Welicki, Le\'{o}n and Yoder, Joseph W. and Wirfs-Brock, Rebecca and Johnson, Ralph E.},
 title = {Towards a pattern language for adaptive object models},
 booktitle = {OOPSLA '07: Companion to the 22nd ACM SIGPLAN conference on Object-oriented programming systems and applications companion},
 year = {2007},
 isbn = {978-1-59593-865-7},
 pages = {787--788},
 location = {Montreal, Quebec, Canada},
 doi = {http://doi.acm.org/10.1145/1297846.1297888},
 publisher = {ACM},
 address = {New York, NY, USA},
}

@inproceedings{1753207,
 author = {Welicki, Le\'{o}n and Yoder, Joseph W. and Wirfs-Brock, Rebecca},
 title = {The dynamic factory pattern},
 booktitle = {PLoP '08: Proceedings of the 15th Conference on Pattern Languages of Programs},
 year = {2008},
 isbn = {978-1-60558-151-4},
 pages = {1--7},
 location = {Nashville, Tennessee},
 doi = {http://doi.acm.org/10.1145/1753196.1753207},
 publisher = {ACM},
 address = {New York, NY, USA},
}

@article{YBJ01,
 author = {Yoder, Joseph W. and Balaguer, Federico and Johnson, Ralph},
 title = {Architecture and design of adaptive object-models},
 journal = {SIGPLAN Not.},
 volume = {36},
 number = {12},
 year = {2001},
 issn = {0362-1340},
 pages = {50--60},
 doi = {http://doi.acm.org/10.1145/583960.583966},
 publisher = {ACM},
 address = {New York, NY, USA},
}

@inproceedings{704175,
 author = {Volder, Kris De},
 title = {Aspect-Oriented Logic Meta Programming},
 booktitle = {ECOOP '98: Workshop ion on Object-Oriented Technology},
 year = {1998},
 isbn = {3-540-65460-7},
 pages = {414--417},
 publisher = {Springer-Verlag},
 address = {London, UK},
}

@inproceedings{1289990,
 author = {Trujillo, Salvador and Azanza, Maider and Diaz, Oscar},
 title = {Generative metaprogramming},
 booktitle = {GPCE '07: Proceedings of the 6th international conference on Generative programming and component engineering},
 year = {2007},
 isbn = {978-1-59593-855-8},
 pages = {105--114},
 location = {Salzburg, Austria},
 doi = {http://doi.acm.org/10.1145/1289971.1289990},
 publisher = {ACM},
 address = {New York, NY, USA},
}

@inproceedings{705782,
 author = {Yoder, Joseph W. and Razavi, Reza},
 title = {Metadata and Adaptive Object-Models},
 booktitle = {ECOOP '00: Proceedings of the Workshops,  Panels, and Posters on Object-Oriented Technology},
 year = {2000},
 isbn = {3-540-41513-0},
 pages = {104--112},
 publisher = {Springer-Verlag},
 address = {London, UK},
}

@inproceedings{YJ02,
 author = {Yoder, Joseph W. and Johnson, Ralph E.},
 title = {The Adaptive Object-Model Architectural Style},
 booktitle = {WICSA 3: Proceedings of the IFIP 17th World Computer Congress - TC2 Stream / 3rd IEEE/IFIP Conference on Software Architecture},
 year = {2002},
 isbn = {1-4020-7176-0},
 pages = {3--27},
 publisher = {Kluwer, B.V.},
 address = {Deventer, The Netherlands, The Netherlands},
}

% approach & results / design patterns -----------------------------------------

@book{christopher_alexander_a_pattern_language,
  author = {Alexander, Christopher and Ishikawa, Sara and Silverstein, Murray and Jacobson, Max and Fiksdahl-King, Ingrid and Angel, Shlomo},
  title = {A Pattern Language},
  publisher = {Oxford University Press},
  address = {New York},
  year = {1977}
}

@inproceedings{riehle_composite_patterns,
 author = {Riehle, Dirk},
 title = {Composite design patterns},
 booktitle = {Proceedings of the 12th ACM SIGPLAN conference on Object-oriented programming, systems, languages, and applications},
 series = {OOPSLA '97},
 year = {1997},
 isbn = {0-89791-908-4},
 location = {Atlanta, Georgia, United States},
 pages = {218--228},
 numpages = {11},
 url = {http://doi.acm.org/10.1145/263698.263739},
 doi = {http://doi.acm.org/10.1145/263698.263739},
 acmid = {263739},
 publisher = {ACM},
 address = {New York, NY, USA},
} 

@inproceedings{baumer_riehle_role_object,
author = {B\"{a}umer, D. and Riehle, Dirk and Siberski, Wolf and Wulf, Martina},
booktitle = {Proceedings of PLoP},
pages = {97--34},
title = {{The role object pattern}},
url = {http://www.cs.wustl.edu/\~{}crh2/doc/RandD/PCES/PCESjava/presentations/PCESGraph.ps},
volume = {97},
year = {1997}
}

@book{gang_of_four,
  author = {Gamma, Erich and Helm, Richard and Johnson, Ralph and Vlissides, John M.},
  title = {Design patterns:Elements of reusable object-oriented software},
  publisher = {Addison-Wesley Professional},
  year = {1994},
  month = {November}
}

@misc{fowler_pattern_for_things_that_change_with_time,
  author = {Fowler, Martin},
  title = {Patterns for things that change with time},
  howpublished = {\url{http://martinfowler.com/ap2/timeNarrative.html}},
  note = {[Online] Accessed January 12 2011}
}

@misc{fowler_snapshot,
  author = {Fowler, Martin},
  title = {Snapshot},
  howpublished = {\url{http://martinfowler.com/ap2/snapshot.html}},
  note = {[Online] Accessed January 12 2011}
}

@misc{fowler_temporal_object,
  author = {Fowler, Martin},
  title = {Temporal Object},
  howpublished = {\url{http://martinfowler.com/ap2/temporalObject.html}},
  note = {[Online] Accessed January 12 2011}
}


% Oghma ------------------------------------------------------------------------

@phdthesis{ferreira_phd_2010,
  title = {Adaptive Object-Modelling: Patterns, Tools and Applications},
  school = {Faculdade de Engenharia da Universidade do Porto},
  author = {Hugo Sereno Ferreira},
  month = Sep,
  year = {2010},
  note = {To be published}
}

% adaptable websites -----------------------------------------------------------

@misc{igoogle,
  title = {i{G}oogle},
  author = {Google},
  howpublished = {\url{http://google.com/ig}},
  note = {Accessed 16 July 2010}
}

@misc{pageflakes,
  title = {Pageflakes},
  howpublished = {\url{http://pageflakes.com/}},
  note = {Accessed 16 July 2010}
}

@misc{protopage,
  title = {Protopage},
  howpublished = {\url{http://protopage.com/}},
  note = {Accessed 16 July 2010}
}

@misc{webwag,
  title = {Webwag},
  howpublished = {\url{http://www.webwag.com/}},
  note = {Accessed 16 July 2010}
}

% unpublished
@unpublished{aom_research_roadmap,
  author = {Ferreira, Hugo Sereno and Correia, Filipe Figueiredo and Aguiar, Ademar and Faria, João Pascoal},
  title = {Adaptive {O}bject-{M}odels: a {R}esearch {R}oadmap},
  year = {2010}
}

% software
@misc{rubymine,
  author = {Jetbrains},
  title = {RubyMine},
  howpublished = {\url{http://www.jetbrains.com/ruby/}}
}

@misc{rails_erd,
  author = {Timmermans, Rolf},
  title = {Rails ERD},
  howpublished = {\url{http://rails-erd.rubyforge.org/}}
}

@misc{cancan,
  author = {Bates, Ryan},
  title = {CanCan},
  howpublished = {\url{https://github.com/ryanb/cancan}}
}

